<?xml version="1.0" encoding="UTF-8"?><collection xmlns="http://www.loc.gov/MARC21/slim"><record><leader>00675nam--2200193-i-4500</leader><controlfield tag="001">000041499</controlfield><controlfield tag="002">20161230</controlfield><controlfield tag="005">20161230201043</controlfield><controlfield tag="008">060222s1000------------r-----000-0-eng-d</controlfield><datafield ind1=" " ind2=" " tag="040"><subfield code="a">IFIN-HH</subfield></datafield><datafield ind1=" " ind2=" " tag="080"><subfield code="a">537.311.33</subfield></datafield><datafield ind1="1" ind2=" " tag="100"><subfield code="a">Bulloff, J.J</subfield></datafield><datafield ind1="1" ind2="0" tag="245"><subfield code="a">Semiconductor abstracts. abstracts of literature on semiconducting and luminescent materials and their applications</subfield><subfield code="b">Volume vii 1959 issue compilesd by battelle memorial institute</subfield><subfield code="c">J.j. bulloff; c.s. peet (eds.)</subfield></datafield><datafield ind1=" " ind2=" " tag="260"><subfield code="a">New York</subfield><subfield code="b">John Wiley &amp; Sons, Inc</subfield><subfield code="c">1962</subfield></datafield><datafield ind1=" " ind2=" " tag="300"><subfield code="a">714P</subfield></datafield><datafield ind1=" " ind2=" " tag="490"><subfield code="a">Semiconductor Abstracts</subfield></datafield><datafield ind1="1" ind2=" " tag="700"><subfield code="a">Peet, C.S</subfield><subfield code="e">Ed</subfield></datafield><datafield ind1=" " ind2=" " tag="852"><subfield code="a">10539</subfield><subfield code="c">537.311.33</subfield></datafield><datafield ind1=" " ind2=" " tag="CAT"><subfield code="a">Sys</subfield><subfield code="c">20110718</subfield><subfield code="h">105623</subfield></datafield></record></collection>